<?xml version="1.0" encoding="UTF-8"?>
<record>
  <leader>00892nam#a2200277#c#4500</leader>
  <controlfield tag="005">20230210022738.0</controlfield>
  <controlfield tag="007">hu#|||000||||</controlfield>
  <controlfield tag="008">980716|1624####xx############|||#|#####c</controlfield>
  <controlfield tag="003">DE-605</controlfield>
  <controlfield tag="001">990035016180206441</controlfield>
  <datafield tag="016" ind1="7" ind2=" ">
    <subfield code="a">1072809401</subfield>
    <subfield code="2">OCoLC</subfield>
  </datafield>
  <datafield tag="020" ind1=" " ind2=" ">
    <subfield code="a">3598521103</subfield>
    <subfield code="c">DM 189,- (zusammen mit den anderen Werken des Autors)</subfield>
    <subfield code="9">3-598-52110-3</subfield>
  </datafield>
  <datafield tag="035" ind1=" " ind2=" ">
    <subfield code="a">(DE-605)HT008733617</subfield>
  </datafield>
  <datafield tag="040" ind1=" " ind2=" ">
    <subfield code="a">292</subfield>
    <subfield code="b">ger</subfield>
    <subfield code="e">rakwb</subfield>
  </datafield>
  <datafield tag="084" ind1=" " ind2=" ">
    <subfield code="a">200</subfield>
    <subfield code="2">rpb</subfield>
  </datafield>
  <datafield tag="100" ind1="1" ind2=" ">
    <subfield code="a">Opitz, Martin</subfield>
    <subfield code="d">1597-1639</subfield>
    <subfield code="0">(DE-588)118590111</subfield>
    <subfield code="4">aut</subfield>
    <subfield code="0">https://portal.dnb.de/opac.htm?method=simpleSearch&amp;cqlMode=true&amp;query=idn=118590111</subfield>
    <subfield code="0">http://viaf.org/viaf/sourceID/DNB|118590111</subfield>
    <subfield code="B">GND-118590111</subfield>
  </datafield>
  <datafield tag="245" ind1="1" ind2="0">
    <subfield code="a">Teutsche Poemata vnd Aristarchos</subfield>
  </datafield>
  <datafield tag="250" ind1=" " ind2=" ">
    <subfield code="a">[Mikrofiche-Ausg.]</subfield>
  </datafield>
  <datafield tag="264" ind1=" " ind2="1">
    <subfield code="a">Strassburg</subfield>
    <subfield code="c">1624</subfield>
  </datafield>
  <datafield tag="035" ind1=" " ind2=" ">
    <subfield code="a">(OCoLC)1072809401</subfield>
  </datafield>
  <datafield tag="960" ind1="1" ind2=" ">
    <subfield code="o">bdl</subfield>
  </datafield>
  <datafield tag="964" ind1="0" ind2="s">
    <subfield code="F">030</subfield>
    <subfield code="A">a|1uc||||||17</subfield>
  </datafield>
  <datafield tag="964" ind1="0" ind2="s">
    <subfield code="F">050</subfield>
    <subfield code="A">|||a||||||||||</subfield>
  </datafield>
  <datafield tag="964" ind1="0" ind2="s">
    <subfield code="F">051</subfield>
    <subfield code="A">m|||||||</subfield>
  </datafield>
  <datafield tag="533" ind1=" " ind2=" ">
    <subfield code="a">Mikrofiche-Ausg.:</subfield>
    <subfield code="b">München [u.a.]</subfield>
    <subfield code="c">Saur</subfield>
    <subfield code="d">1990 - 1994</subfield>
    <subfield code="f">Bibliothek der deutschen Literatur</subfield>
    <subfield code="e">27 Mikrofiches</subfield>
  </datafield>
  <datafield tag="535" ind1="1" ind2=" ">
    <subfield code="a">15</subfield>
  </datafield>
  <datafield tag="MBD" ind1=" " ind2=" ">
    <subfield code="M">49HBZ_NETWORK</subfield>
    <subfield code="i">990035016180206441</subfield>
    <subfield code="n">HBZ Network</subfield>
  </datafield>
  <datafield tag="MBD" ind1=" " ind2=" ">
    <subfield code="M">49HBZ_WUP</subfield>
    <subfield code="i">990007991640206447</subfield>
    <subfield code="n">Bergische Universität Wuppertal</subfield>
  </datafield>
  <datafield tag="MBD" ind1=" " ind2=" ">
    <subfield code="M">49HBZ_UBD</subfield>
    <subfield code="i">991005839389706445</subfield>
    <subfield code="n">Technische Universität Dortmund</subfield>
  </datafield>
  <datafield tag="MBD" ind1=" " ind2=" ">
    <subfield code="M">49HBZ_UBT</subfield>
    <subfield code="i">990009300190106470</subfield>
    <subfield code="n">UB Trier</subfield>
  </datafield>
  <datafield tag="MBD" ind1=" " ind2=" ">
    <subfield code="M">49HBZ_BIE</subfield>
    <subfield code="i">991018373249706442</subfield>
    <subfield code="n">Universität Bielefeld</subfield>
  </datafield>
  <datafield tag="MBD" ind1=" " ind2=" ">
    <subfield code="M">49HBZ_UBO</subfield>
    <subfield code="i">991016293509706471</subfield>
    <subfield code="n">Universität Bochum</subfield>
  </datafield>
  <datafield tag="MBD" ind1=" " ind2=" ">
    <subfield code="M">49HBZ_UDE</subfield>
    <subfield code="i">990007916830206446</subfield>
    <subfield code="n">Universität Duisburg-Essen</subfield>
  </datafield>
  <datafield tag="MBD" ind1=" " ind2=" ">
    <subfield code="M">49HBZ_UBK</subfield>
    <subfield code="i">991038987959706476</subfield>
    <subfield code="n">Universität Köln</subfield>
  </datafield>
  <datafield tag="MBD" ind1=" " ind2=" ">
    <subfield code="M">49HBZ_ULM</subfield>
    <subfield code="i">991010888069706449</subfield>
    <subfield code="n">Universität Münster</subfield>
  </datafield>
  <datafield tag="MBD" ind1=" " ind2=" ">
    <subfield code="M">49HBZ_SIE</subfield>
    <subfield code="i">990008550850106462</subfield>
    <subfield code="n">Universität Siegen</subfield>
  </datafield>
  <datafield tag="MBD" ind1=" " ind2=" ">
    <subfield code="M">49HBZ_PAD</subfield>
    <subfield code="i">990007778620106463</subfield>
    <subfield code="n">Universitätsbibliothek Paderborn</subfield>
  </datafield>
  <datafield tag="MNG" ind1=" " ind2=" ">
    <subfield code="c">System</subfield>
    <subfield code="f">ILS</subfield>
    <subfield code="i">marc21</subfield>
    <subfield code="k">01</subfield>
    <subfield code="e">false</subfield>
    <subfield code="d">2023-04-03 01:03:47 Europe/Berlin</subfield>
    <subfield code="g">003501618-HBZ01</subfield>
    <subfield code="j">60</subfield>
    <subfield code="a">import</subfield>
    <subfield code="b">2021-04-06 03:59:10 Europe/Berlin</subfield>
  </datafield>
  <datafield tag="H52" ind1=" " ind2=" ">
    <subfield code="b">W0001</subfield>
    <subfield code="c">06</subfield>
    <subfield code="h"/>
    <subfield code="8">22121154650006447</subfield>
  </datafield>
  <datafield tag="HOL" ind1=" " ind2=" ">
    <subfield code="b">2021-04-06 07:41:29</subfield>
    <subfield code="8">22121154650006447</subfield>
    <subfield code="M">49HBZ_WUP</subfield>
    <subfield code="g">false</subfield>
    <subfield code="a">import</subfield>
  </datafield>
  <datafield tag="ITM" ind1=" " ind2=" ">
    <subfield code="H">22121154650006447</subfield>
    <subfield code="x">06</subfield>
    <subfield code="f">BOOK</subfield>
    <subfield code="v">06</subfield>
    <subfield code="p">12</subfield>
    <subfield code="X">System</subfield>
    <subfield code="U">1998-07-16 12:59:00 Europe/Berlin</subfield>
    <subfield code="Y">2021-04-06 09:42:15 Europe/Berlin</subfield>
    <subfield code="h">false</subfield>
    <subfield code="n">ZZWB1008</subfield>
    <subfield code="M">49HBZ_WUP</subfield>
    <subfield code="s">1</subfield>
    <subfield code="d">#</subfield>
    <subfield code="V">import</subfield>
    <subfield code="b">456292-10</subfield>
    <subfield code="a">23121154640006447</subfield>
    <subfield code="t">8</subfield>
    <subfield code="W">1998-07-16 02:00:00 Europe/Berlin</subfield>
    <subfield code="u">W0001</subfield>
    <subfield code="w">W0001</subfield>
  </datafield>
  <datafield tag="H52" ind1=" " ind2=" ">
    <subfield code="b">EFB</subfield>
    <subfield code="c">BibDtLit</subfield>
    <subfield code="8">22200446840006445</subfield>
  </datafield>
  <datafield tag="HOL" ind1=" " ind2=" ">
    <subfield code="b">2021-04-19 15:36:57</subfield>
    <subfield code="8">22200446840006445</subfield>
    <subfield code="M">49HBZ_UBD</subfield>
    <subfield code="g">false</subfield>
    <subfield code="a">import</subfield>
  </datafield>
  <datafield tag="ITM" ind1=" " ind2=" ">
    <subfield code="H">22200446840006445</subfield>
    <subfield code="x">BibDtLit</subfield>
    <subfield code="f">MICROFORM</subfield>
    <subfield code="v">BibDtLit</subfield>
    <subfield code="p">Praesenz</subfield>
    <subfield code="X">System</subfield>
    <subfield code="U">2021-04-19 12:59:00 Europe/Berlin</subfield>
    <subfield code="Y">2021-04-19 17:37:27 Europe/Berlin</subfield>
    <subfield code="h">false</subfield>
    <subfield code="n">SDC 5000/4</subfield>
    <subfield code="G">1</subfield>
    <subfield code="M">49HBZ_UBD</subfield>
    <subfield code="s">1</subfield>
    <subfield code="d">#</subfield>
    <subfield code="V">import</subfield>
    <subfield code="L">ClassificationNo: 0 | SISIS-Magazindrucker: 0 | HBZ01: HT008733617</subfield>
    <subfield code="b">TEMP55788</subfield>
    <subfield code="O">SISIS-Ausleihzähler vorletztes Migrationsjahr: 0 | SISIS-Vormerkzähler Migrationsjahr: 0 | SISIS-Buchdaten-Aufnahmedatum: 2008-05-21</subfield>
    <subfield code="N">Fernleihkonditionen: 0 | Sigel: 290 | Klassifikation: 0 | Altersbegrenzung: 0 | SISIS-Ausleihzähler Migrationsjahr: 0 | SISIS-Ausleihzähler Vor-Migrationsjahr: 0</subfield>
    <subfield code="a">23200446830006445</subfield>
    <subfield code="W">2021-04-19 17:36:57 Europe/Berlin</subfield>
    <subfield code="u">EFB</subfield>
    <subfield code="w">EFB</subfield>
  </datafield>
  <datafield tag="H52" ind1="8" ind2=" ">
    <subfield code="b">UB_BI</subfield>
    <subfield code="c">01_Temp</subfield>
    <subfield code="h">ZN140 A</subfield>
    <subfield code="8">22262944050006442</subfield>
  </datafield>
  <datafield tag="HOL" ind1=" " ind2=" ">
    <subfield code="b">2021-04-19 05:04:28</subfield>
    <subfield code="8">22262944050006442</subfield>
    <subfield code="M">49HBZ_BIE</subfield>
    <subfield code="g">false</subfield>
    <subfield code="a">import</subfield>
  </datafield>
  <datafield tag="ITM" ind1=" " ind2=" ">
    <subfield code="H">22262944050006442</subfield>
    <subfield code="x">01_Temp</subfield>
    <subfield code="f">BOOK</subfield>
    <subfield code="v">01_Temp</subfield>
    <subfield code="p">item_08</subfield>
    <subfield code="X">System</subfield>
    <subfield code="U">2021-04-18 12:59:00 Europe/Berlin</subfield>
    <subfield code="Y">2021-04-19 07:05:00 Europe/Berlin</subfield>
    <subfield code="h">false</subfield>
    <subfield code="M">49HBZ_BIE</subfield>
    <subfield code="s">1</subfield>
    <subfield code="d">8</subfield>
    <subfield code="V">import</subfield>
    <subfield code="L">Abteilung/Standort/Haushaltsstufe: 45 | SISIS-Magazindrucker: 0 | HBZ01: HT008733617 | Keine Beilagen: 1</subfield>
    <subfield code="b">TEMP50001777304-000010</subfield>
    <subfield code="O">SISIS-Ausleihzähler vorletztes Migrationsjahr: 0 | SISIS-Vormerkzähler Migrationsjahr: 0 | SISIS-Buchdaten-Aufnahmedatum: 2008-06-28</subfield>
    <subfield code="N">Fernleihkonditionen: 3 | Sigel: 361 | Klassifikation: 01_Temp | Altersbegrenzung: 0 | SISIS-Ausleihzähler Migrationsjahr: 0 | SISIS-Ausleihzähler Vor-Migrationsjahr: 0</subfield>
    <subfield code="a">23262944040006442</subfield>
    <subfield code="c">ZN140 A</subfield>
    <subfield code="W">2021-04-19 07:04:28 Europe/Berlin</subfield>
    <subfield code="u">UB_BI</subfield>
    <subfield code="w">UB_BI</subfield>
  </datafield>
  <datafield tag="H52" ind1="8" ind2=" ">
    <subfield code="b">UB</subfield>
    <subfield code="c">UB_LS</subfield>
    <subfield code="h">YMB92313</subfield>
    <subfield code="8">22153395630006471</subfield>
  </datafield>
  <datafield tag="HOL" ind1=" " ind2=" ">
    <subfield code="b">2023-07-30 17:37:53</subfield>
    <subfield code="8">22153395630006471</subfield>
    <subfield code="M">49HBZ_UBO</subfield>
    <subfield code="g">false</subfield>
    <subfield code="a">import</subfield>
  </datafield>
  <datafield tag="ITM" ind1=" " ind2=" ">
    <subfield code="H">22153395630006471</subfield>
    <subfield code="x">UB_LS</subfield>
    <subfield code="f">BOOK</subfield>
    <subfield code="v">UB_LS</subfield>
    <subfield code="p">L</subfield>
    <subfield code="X">AMO_TL2_FIX</subfield>
    <subfield code="U">2023-07-30 12:59:00 Europe/Berlin</subfield>
    <subfield code="Y">2023-07-31 18:08:30 Europe/Berlin</subfield>
    <subfield code="h">false</subfield>
    <subfield code="n">YMB92313</subfield>
    <subfield code="G">1</subfield>
    <subfield code="M">49HBZ_UBO</subfield>
    <subfield code="s">1</subfield>
    <subfield code="d">8</subfield>
    <subfield code="V">import</subfield>
    <subfield code="L">HBZ01: HT008733617 | Anzahl  Beilagen: 1</subfield>
    <subfield code="b">TEMP50001300061-000010</subfield>
    <subfield code="O">SISIS-Vormerkzähler Migrationsjahr: 0 | SISIS-Buchdaten-Aufnahmedatum: 2008-05-23 | FussnoteIInt: F90/792</subfield>
    <subfield code="N">Sigel: 294 | Klassifikation: 0 | SISIS-Ausleihzähler Migrationsjahr: 0</subfield>
    <subfield code="a">23153395620006471</subfield>
    <subfield code="c">YMB92313</subfield>
    <subfield code="W">2023-07-30 19:37:53 Europe/Berlin</subfield>
    <subfield code="u">UB</subfield>
    <subfield code="w">UB</subfield>
  </datafield>
  <datafield tag="H52" ind1="8" ind2=" ">
    <subfield code="b">D0001</subfield>
    <subfield code="c">D98</subfield>
    <subfield code="h">CJU1482_d</subfield>
    <subfield code="8">22372647310006446</subfield>
  </datafield>
  <datafield tag="HOL" ind1=" " ind2=" ">
    <subfield code="b">2021-04-15 16:11:57</subfield>
    <subfield code="8">22372647310006446</subfield>
    <subfield code="M">49HBZ_UDE</subfield>
    <subfield code="g">false</subfield>
    <subfield code="a">import</subfield>
  </datafield>
  <datafield tag="H52" ind1="8" ind2=" ">
    <subfield code="b">E0001</subfield>
    <subfield code="c">E06</subfield>
    <subfield code="h">DDZR1026</subfield>
    <subfield code="8">22372647290006446</subfield>
  </datafield>
  <datafield tag="HOL" ind1=" " ind2=" ">
    <subfield code="b">2021-04-15 16:11:57</subfield>
    <subfield code="8">22372647290006446</subfield>
    <subfield code="M">49HBZ_UDE</subfield>
    <subfield code="g">false</subfield>
    <subfield code="a">import</subfield>
  </datafield>
  <datafield tag="ITM" ind1=" " ind2=" ">
    <subfield code="H">22372647310006446</subfield>
    <subfield code="x">D98</subfield>
    <subfield code="f">FICHE</subfield>
    <subfield code="v">D98</subfield>
    <subfield code="p">55</subfield>
    <subfield code="X">System</subfield>
    <subfield code="U">1998-07-16 12:59:00 Europe/Berlin</subfield>
    <subfield code="Y">2021-04-15 18:13:24 Europe/Berlin</subfield>
    <subfield code="h">true</subfield>
    <subfield code="J">Lesegeraet erforderlich, bitte kontaktieren Sie die Information</subfield>
    <subfield code="n">CJU1482_d</subfield>
    <subfield code="M">49HBZ_UDE</subfield>
    <subfield code="s">1</subfield>
    <subfield code="d">8</subfield>
    <subfield code="V">import</subfield>
    <subfield code="b">CJU1482_D</subfield>
    <subfield code="a">23372647300006446</subfield>
    <subfield code="t">8</subfield>
    <subfield code="c">CJU1482_d</subfield>
    <subfield code="W">1998-07-16 02:00:00 Europe/Berlin</subfield>
    <subfield code="u">D0001</subfield>
    <subfield code="w">D0001</subfield>
  </datafield>
  <datafield tag="ITM" ind1=" " ind2=" ">
    <subfield code="H">22372647290006446</subfield>
    <subfield code="x">E06</subfield>
    <subfield code="f">FICHE</subfield>
    <subfield code="v">E06</subfield>
    <subfield code="p">55</subfield>
    <subfield code="X">System</subfield>
    <subfield code="U">1998-07-16 12:59:00 Europe/Berlin</subfield>
    <subfield code="Y">2021-06-26 10:16:30 Europe/Berlin</subfield>
    <subfield code="h">false</subfield>
    <subfield code="J">Lesegeraet erforderlich, bitte kontaktieren Sie die Information</subfield>
    <subfield code="n">DDZR1026</subfield>
    <subfield code="M">49HBZ_UDE</subfield>
    <subfield code="s">1</subfield>
    <subfield code="d">8</subfield>
    <subfield code="V">import</subfield>
    <subfield code="b">DDZR1026</subfield>
    <subfield code="a">23372647280006446</subfield>
    <subfield code="t">8</subfield>
    <subfield code="c">DDZR1026</subfield>
    <subfield code="W">1998-07-16 02:00:00 Europe/Berlin</subfield>
    <subfield code="u">E0001</subfield>
    <subfield code="w">E0001</subfield>
  </datafield>
  <datafield tag="H52" ind1=" " ind2=" ">
    <subfield code="b">38</subfield>
    <subfield code="c">38-LS</subfield>
    <subfield code="8">22229037400006476</subfield>
  </datafield>
  <datafield tag="HOL" ind1=" " ind2=" ">
    <subfield code="b">2023-08-22 11:50:31</subfield>
    <subfield code="8">22229037400006476</subfield>
    <subfield code="M">49HBZ_UBK</subfield>
    <subfield code="g">false</subfield>
    <subfield code="a">import</subfield>
  </datafield>
  <datafield tag="ITM" ind1=" " ind2=" ">
    <subfield code="H">22229037400006476</subfield>
    <subfield code="x">38-LS</subfield>
    <subfield code="f">BOOK</subfield>
    <subfield code="v">38-LS</subfield>
    <subfield code="p">X</subfield>
    <subfield code="X">AMO_HBZ_FIX</subfield>
    <subfield code="U">2023-08-21 12:59:00 Europe/Berlin</subfield>
    <subfield code="Y">2023-08-24 04:52:25 Europe/Berlin</subfield>
    <subfield code="h">false</subfield>
    <subfield code="n">LS/L4900(Theke)</subfield>
    <subfield code="G">1</subfield>
    <subfield code="M">49HBZ_UBK</subfield>
    <subfield code="s">1</subfield>
    <subfield code="d">#</subfield>
    <subfield code="V">import</subfield>
    <subfield code="b">LS/0039447</subfield>
    <subfield code="O">HBZ01: HT008733617 | Aufnahmedatum: 2008-05-02 | Klassifikation: 0</subfield>
    <subfield code="a">23229037390006476</subfield>
    <subfield code="K">Migration;USB-Lesesaal:L4900(Theke);02.05.2008</subfield>
    <subfield code="W">2023-08-22 13:50:31 Europe/Berlin</subfield>
    <subfield code="u">38</subfield>
    <subfield code="w">38</subfield>
  </datafield>
  <datafield tag="H52" ind1="8" ind2=" ">
    <subfield code="b">ZUP</subfield>
    <subfield code="c">ZUP_MIKRO</subfield>
    <subfield code="h">YB 442-19760</subfield>
    <subfield code="8">22504836660006449</subfield>
  </datafield>
  <datafield tag="HOL" ind1=" " ind2=" ">
    <subfield code="b">2022-07-11 08:58:47</subfield>
    <subfield code="8">22504836660006449</subfield>
    <subfield code="M">49HBZ_ULM</subfield>
    <subfield code="g">false</subfield>
    <subfield code="a">import</subfield>
  </datafield>
  <datafield tag="ITM" ind1=" " ind2=" ">
    <subfield code="H">22504836660006449</subfield>
    <subfield code="x">ZUP_MIKRO</subfield>
    <subfield code="f">FICHE</subfield>
    <subfield code="v">ZUP_MIKRO</subfield>
    <subfield code="X">AMO_TL2_FIX</subfield>
    <subfield code="U">2022-07-10 12:59:00 Europe/Berlin</subfield>
    <subfield code="Y">2022-07-12 13:10:54 Europe/Berlin</subfield>
    <subfield code="h">false</subfield>
    <subfield code="Q">SISIS-Ausleihzähler Migrationsjahr: 0 | SISIS-Ausleihzähler Vor-Migrationsjahr: 0 | SISIS-Ausleihzähler vorletztes Migrationsjahr: 0</subfield>
    <subfield code="M">49HBZ_ULM</subfield>
    <subfield code="s">1</subfield>
    <subfield code="d">8</subfield>
    <subfield code="V">import</subfield>
    <subfield code="b">YB 442-19760</subfield>
    <subfield code="O">Fernleihkonditionen: 3</subfield>
    <subfield code="a">23504836650006449</subfield>
    <subfield code="R">DBS-Systematik: 33</subfield>
    <subfield code="c">YB 442-19760</subfield>
    <subfield code="W">2022-07-11 10:58:47 Europe/Berlin</subfield>
    <subfield code="u">ZUP</subfield>
    <subfield code="w">ZUP</subfield>
  </datafield>
  <datafield tag="H52" ind1="8" ind2=" ">
    <subfield code="b">S0001</subfield>
    <subfield code="c">ARMED</subfield>
    <subfield code="8">2277634060006462</subfield>
  </datafield>
  <datafield tag="HOL" ind1=" " ind2=" ">
    <subfield code="b">2022-07-11 08:35:00</subfield>
    <subfield code="8">2277634060006462</subfield>
    <subfield code="M">49HBZ_SIE</subfield>
    <subfield code="g">false</subfield>
    <subfield code="a">import</subfield>
  </datafield>
  <datafield tag="ITM" ind1=" " ind2=" ">
    <subfield code="H">2277634060006462</subfield>
    <subfield code="x">ARMED</subfield>
    <subfield code="f">FICHE</subfield>
    <subfield code="v">ARMED</subfield>
    <subfield code="p">13</subfield>
    <subfield code="X">System</subfield>
    <subfield code="U">1998-07-16 12:59:00 Europe/Berlin</subfield>
    <subfield code="Y">2022-07-11 10:35:51 Europe/Berlin</subfield>
    <subfield code="h">false</subfield>
    <subfield code="n">70BYH1997-MFIC</subfield>
    <subfield code="M">49HBZ_SIE</subfield>
    <subfield code="s">1</subfield>
    <subfield code="d">8</subfield>
    <subfield code="V">import</subfield>
    <subfield code="b">786164-10</subfield>
    <subfield code="a">2377634040006462</subfield>
    <subfield code="t">8</subfield>
    <subfield code="W">1998-07-16 02:00:00 Europe/Berlin</subfield>
    <subfield code="u">S0001</subfield>
    <subfield code="w">S0001</subfield>
  </datafield>
  <datafield tag="H52" ind1="8" ind2=" ">
    <subfield code="b">P0001</subfield>
    <subfield code="c">93</subfield>
    <subfield code="8">22125280400006463</subfield>
  </datafield>
  <datafield tag="HOL" ind1=" " ind2=" ">
    <subfield code="b">2022-07-14 09:08:27</subfield>
    <subfield code="8">22125280400006463</subfield>
    <subfield code="M">49HBZ_PAD</subfield>
    <subfield code="g">false</subfield>
    <subfield code="a">import</subfield>
  </datafield>
  <datafield tag="H52" ind1="8" ind2="1">
    <subfield code="b">P0001</subfield>
    <subfield code="z">Mikrofiche-Nummern zu ermitteln in: Bibliothek der deutschen Literatur: Bibliographie und Register. Standort: 93=BYH1141-R</subfield>
    <subfield code="c">UNASSIGNED</subfield>
    <subfield code="8">22125280380006463</subfield>
  </datafield>
  <datafield tag="HOL" ind1=" " ind2=" ">
    <subfield code="b">2022-07-14 09:08:27</subfield>
    <subfield code="8">22125280380006463</subfield>
    <subfield code="M">49HBZ_PAD</subfield>
    <subfield code="g">false</subfield>
    <subfield code="a">import</subfield>
  </datafield>
  <datafield tag="ITM" ind1=" " ind2=" ">
    <subfield code="H">22125280400006463</subfield>
    <subfield code="x">93</subfield>
    <subfield code="f">MICROFORM</subfield>
    <subfield code="v">93</subfield>
    <subfield code="p">25</subfield>
    <subfield code="X">System</subfield>
    <subfield code="U">1998-12-28 11:59:00 Europe/Berlin</subfield>
    <subfield code="Y">2022-07-14 11:09:25 Europe/Berlin</subfield>
    <subfield code="h">true</subfield>
    <subfield code="n">BYH1141</subfield>
    <subfield code="M">49HBZ_PAD</subfield>
    <subfield code="s">1</subfield>
    <subfield code="d">8</subfield>
    <subfield code="V">import</subfield>
    <subfield code="b">734866-10</subfield>
    <subfield code="a">23125280390006463</subfield>
    <subfield code="t">8</subfield>
    <subfield code="B">98/21318</subfield>
    <subfield code="D">20000217</subfield>
    <subfield code="W">1998-12-28 01:00:00 Europe/Berlin</subfield>
    <subfield code="u">P0001</subfield>
    <subfield code="w">P0001</subfield>
  </datafield>
  <datafield tag="GPN" ind1="1" ind2=" ">
    <subfield code="a">Opitz von Boberfeld, Martin</subfield>
    <subfield code="d">1597-1639</subfield>
    <subfield code="A">GND</subfield>
    <subfield code="B">GND-118590111</subfield>
    <subfield code="C">400</subfield>
  </datafield>
  <datafield tag="GPN" ind1="1" ind2=" ">
    <subfield code="a">Boberfeld, Martin Opitz &lt;&lt;von&gt;&gt;</subfield>
    <subfield code="d">1597-1639</subfield>
    <subfield code="A">GND</subfield>
    <subfield code="B">GND-118590111</subfield>
    <subfield code="C">400</subfield>
  </datafield>
  <datafield tag="GPN" ind1="1" ind2=" ">
    <subfield code="a">Opiz von Boberfeld, Martin</subfield>
    <subfield code="d">1597-1639</subfield>
    <subfield code="A">GND</subfield>
    <subfield code="B">GND-118590111</subfield>
    <subfield code="C">400</subfield>
  </datafield>
  <datafield tag="GPN" ind1="1" ind2=" ">
    <subfield code="a">Boberfeld, Martinus Opitius &lt;&lt;von&gt;&gt;</subfield>
    <subfield code="d">1597-1639</subfield>
    <subfield code="A">GND</subfield>
    <subfield code="B">GND-118590111</subfield>
    <subfield code="C">400</subfield>
  </datafield>
  <datafield tag="GPN" ind1="1" ind2=" ">
    <subfield code="a">Opitz, Martinus</subfield>
    <subfield code="d">1597-1639</subfield>
    <subfield code="A">GND</subfield>
    <subfield code="B">GND-118590111</subfield>
    <subfield code="C">400</subfield>
  </datafield>
  <datafield tag="GPN" ind1="1" ind2=" ">
    <subfield code="a">Opitz, Márton</subfield>
    <subfield code="d">1597-1639</subfield>
    <subfield code="A">GND</subfield>
    <subfield code="B">GND-118590111</subfield>
    <subfield code="C">400</subfield>
  </datafield>
  <datafield tag="GPN" ind1="1" ind2=" ">
    <subfield code="a">Opitzen, Martin</subfield>
    <subfield code="d">1597-1639</subfield>
    <subfield code="A">GND</subfield>
    <subfield code="B">GND-118590111</subfield>
    <subfield code="C">400</subfield>
  </datafield>
  <datafield tag="GPN" ind1="1" ind2=" ">
    <subfield code="a">Opitzen, Martinus</subfield>
    <subfield code="d">1597-1639</subfield>
    <subfield code="A">GND</subfield>
    <subfield code="B">GND-118590111</subfield>
    <subfield code="C">400</subfield>
  </datafield>
  <datafield tag="GPN" ind1="1" ind2=" ">
    <subfield code="a">Opiz, Martin</subfield>
    <subfield code="d">1597-1639</subfield>
    <subfield code="A">GND</subfield>
    <subfield code="B">GND-118590111</subfield>
    <subfield code="C">400</subfield>
  </datafield>
  <datafield tag="GPN" ind1="1" ind2=" ">
    <subfield code="a">Opitius, Martin</subfield>
    <subfield code="d">1597-1639</subfield>
    <subfield code="A">GND</subfield>
    <subfield code="B">GND-118590111</subfield>
    <subfield code="C">400</subfield>
  </datafield>
  <datafield tag="GPN" ind1="1" ind2=" ">
    <subfield code="a">Opitius, Mart.</subfield>
    <subfield code="d">1597-1639</subfield>
    <subfield code="A">GND</subfield>
    <subfield code="B">GND-118590111</subfield>
    <subfield code="C">400</subfield>
  </datafield>
  <datafield tag="GPN" ind1="1" ind2=" ">
    <subfield code="a">Opitzius, Martinus</subfield>
    <subfield code="d">1597-1639</subfield>
    <subfield code="A">GND</subfield>
    <subfield code="B">GND-118590111</subfield>
    <subfield code="C">400</subfield>
  </datafield>
  <datafield tag="GPN" ind1="1" ind2=" ">
    <subfield code="a">Opotius, Martinus</subfield>
    <subfield code="d">1597-1639</subfield>
    <subfield code="A">GND</subfield>
    <subfield code="B">GND-118590111</subfield>
    <subfield code="C">400</subfield>
  </datafield>
  <datafield tag="GPN" ind1="1" ind2=" ">
    <subfield code="a">Opizen von Boberfeld, Martin</subfield>
    <subfield code="d">1597-1639</subfield>
    <subfield code="A">GND</subfield>
    <subfield code="B">GND-118590111</subfield>
    <subfield code="C">400</subfield>
  </datafield>
  <datafield tag="GPN" ind1="1" ind2=" ">
    <subfield code="a">Oberfeld, Martin Opitz &lt;&lt;von&gt;&gt;</subfield>
    <subfield code="d">1597-1639</subfield>
    <subfield code="A">GND</subfield>
    <subfield code="B">GND-118590111</subfield>
    <subfield code="C">400</subfield>
  </datafield>
  <datafield tag="GPN" ind1="1" ind2=" ">
    <subfield code="a">Opic, Martin</subfield>
    <subfield code="d">1597-1639</subfield>
    <subfield code="A">GND</subfield>
    <subfield code="B">GND-118590111</subfield>
    <subfield code="C">400</subfield>
  </datafield>
  <datafield tag="GPN" ind1="0" ind2=" ">
    <subfield code="a">Opitius</subfield>
    <subfield code="d">1597-1639</subfield>
    <subfield code="A">GND</subfield>
    <subfield code="B">GND-118590111</subfield>
    <subfield code="C">400</subfield>
  </datafield>
  <datafield tag="GPN" ind1="0" ind2=" ">
    <subfield code="a">Opitz</subfield>
    <subfield code="d">1597-1639</subfield>
    <subfield code="A">GND</subfield>
    <subfield code="B">GND-118590111</subfield>
    <subfield code="C">400</subfield>
  </datafield>
  <datafield tag="GPN" ind1="0" ind2=" ">
    <subfield code="a">Opiz</subfield>
    <subfield code="d">1597-1639</subfield>
    <subfield code="A">GND</subfield>
    <subfield code="B">GND-118590111</subfield>
    <subfield code="C">400</subfield>
  </datafield>
  <datafield tag="GPN" ind1="0" ind2=" ">
    <subfield code="a">Opizen von Boberfeld</subfield>
    <subfield code="d">1597-1639</subfield>
    <subfield code="A">GND</subfield>
    <subfield code="B">GND-118590111</subfield>
    <subfield code="C">400</subfield>
  </datafield>
  <datafield tag="GPN" ind1="0" ind2=" ">
    <subfield code="a">M. O. V. B.</subfield>
    <subfield code="d">1597-1639</subfield>
    <subfield code="A">GND</subfield>
    <subfield code="B">GND-118590111</subfield>
    <subfield code="C">400</subfield>
  </datafield>
  <datafield tag="GPN" ind1="1" ind2=" ">
    <subfield code="a">O. V. B., M.</subfield>
    <subfield code="d">1597-1639</subfield>
    <subfield code="A">GND</subfield>
    <subfield code="B">GND-118590111</subfield>
    <subfield code="C">400</subfield>
  </datafield>
  <datafield tag="GPN" ind1="0" ind2=" ">
    <subfield code="a">B. M. V. O.</subfield>
    <subfield code="d">1597-1639</subfield>
    <subfield code="A">GND</subfield>
    <subfield code="B">GND-118590111</subfield>
    <subfield code="C">400</subfield>
  </datafield>
  <datafield tag="GPN" ind1="0" ind2=" ">
    <subfield code="a">M. O. Y. B.</subfield>
    <subfield code="d">1597-1639</subfield>
    <subfield code="A">GND</subfield>
    <subfield code="B">GND-118590111</subfield>
    <subfield code="C">400</subfield>
  </datafield>
  <datafield tag="GPN" ind1="1" ind2=" ">
    <subfield code="a">Opitius, Martinus</subfield>
    <subfield code="d">1597-1639</subfield>
    <subfield code="A">GND</subfield>
    <subfield code="B">GND-118590111</subfield>
    <subfield code="C">400</subfield>
  </datafield>
  <datafield tag="GPN" ind1="1" ind2=" ">
    <subfield code="a">Opicius, Martinus</subfield>
    <subfield code="d">1597-1639</subfield>
    <subfield code="A">GND</subfield>
    <subfield code="B">GND-118590111</subfield>
    <subfield code="C">400</subfield>
  </datafield>
  <datafield tag="GPN" ind1="1" ind2=" ">
    <subfield code="a">Theocritus, Valentin</subfield>
    <subfield code="d">1597-1639</subfield>
    <subfield code="4">pseu</subfield>
    <subfield code="i">Pseudonym</subfield>
    <subfield code="A">GND</subfield>
    <subfield code="B">GND-118590111</subfield>
    <subfield code="C">400</subfield>
  </datafield>
  <datafield tag="GPN" ind1="0" ind2=" ">
    <subfield code="a">Der Gekrönte</subfield>
    <subfield code="d">1597-1639</subfield>
    <subfield code="4">pseu</subfield>
    <subfield code="i">Pseudonym</subfield>
    <subfield code="A">GND</subfield>
    <subfield code="B">GND-118590111</subfield>
    <subfield code="C">400</subfield>
  </datafield>
  <datafield tag="GPN" ind1="1" ind2=" ">
    <subfield code="a">Gekrönte, Der</subfield>
    <subfield code="d">1597-1639</subfield>
    <subfield code="4">pseu</subfield>
    <subfield code="i">Pseudonym</subfield>
    <subfield code="A">GND</subfield>
    <subfield code="B">GND-118590111</subfield>
    <subfield code="C">400</subfield>
  </datafield>
  <datafield tag="GSI" ind1="7" ind2=" ">
    <subfield code="a">118590111</subfield>
    <subfield code="0">http://d-nb.info/gnd/118590111</subfield>
    <subfield code="2">gnd</subfield>
    <subfield code="A">GND</subfield>
    <subfield code="B">GND-118590111</subfield>
    <subfield code="C">024</subfield>
  </datafield>
</record>
